<record><leader>00000cas a22000007a 4500</leader><controlfield tag="001">17553146</controlfield><controlfield tag="008">880227d18991980iauwr ne      0    0eng d</controlfield><datafield ind1=" " ind2=" " tag="010"><subfield code="a">sn 88059324 </subfield></datafield><datafield ind1=" " ind2=" " tag="040"><subfield code="a">INP</subfield><subfield code="b">eng</subfield><subfield code="c">INP</subfield><subfield code="d">OCLCQ</subfield></datafield><datafield ind1=" " ind2=" " tag="042"><subfield code="a">msc</subfield></datafield><datafield ind1="0" ind2="4" tag="245"><subfield code="a">The Deep River record.</subfield></datafield><datafield ind1="3" ind2="0" tag="246"><subfield code="a">Poweshiek County Deep River record</subfield></datafield><datafield ind1=" " ind2=" " tag="260"><subfield code="a">Deep River, Iowa :</subfield><subfield code="b">Record Pub. Co.,</subfield><subfield code="c">1889-1980.</subfield></datafield><datafield ind1=" " ind2=" " tag="300"><subfield code="a">81 v.</subfield></datafield><datafield ind1=" " ind2=" " tag="310"><subfield code="a">Weekly</subfield></datafield><datafield ind1="0" ind2=" " tag="362"><subfield code="a">Vol. 1, no. 1 (June 23, 1899)-v. 81, no. 40 (Oct. 2, 1980).</subfield></datafield><datafield ind1=" " ind2=" " tag="500"><subfield code="a">"Poweshiek County" appears above masthead, &lt;1962-1964&gt;.</subfield></datafield><datafield ind1=" " ind2=" " tag="500"><subfield code="a">Publisher varies.</subfield></datafield><datafield ind1=" " ind2=" " tag="515"><subfield code="a">Occasional issues misnumbered.</subfield></datafield><datafield ind1=" " ind2=" " tag="752"><subfield code="a">United States</subfield><subfield code="b">Iowa</subfield><subfield code="c">Poweshiek</subfield><subfield code="d">Deep River.</subfield></datafield><datafield ind1="0" ind2="4" tag="785"><subfield code="t">Montezuma Republican (Montezuma, Iowa : 1927)</subfield><subfield code="w">(DLC)sn 88059325</subfield><subfield code="g">Oct. 1980</subfield></datafield></record>